<record><leader>00000cas a2200000 a 4500</leader><controlfield tag="001">26432381</controlfield><controlfield tag="008">920818c19549999caudr ne      0    0eng c</controlfield><datafield ind1=" " ind2=" " tag="010"><subfield code="a">sn 92070115 </subfield></datafield><datafield ind1=" " ind2=" " tag="040"><subfield code="a">RCI</subfield><subfield code="b">eng</subfield><subfield code="c">RCI</subfield><subfield code="d">CNK</subfield><subfield code="d">CRU</subfield><subfield code="d">OCLCQ</subfield><subfield code="d">OCLCF</subfield><subfield code="d">OCLCO</subfield><subfield code="d">CUS</subfield></datafield><datafield ind1=" " ind2=" " tag="042"><subfield code="a">pcc</subfield></datafield><datafield ind1=" " ind2=" " tag="043"><subfield code="a">n-us-ca</subfield></datafield><datafield ind1="1" ind2="4" tag="050"><subfield code="a">AP2</subfield><subfield code="b">.D481</subfield></datafield><datafield ind1="0" ind2=" " tag="130"><subfield code="a">Desert sun (Palm Springs, Calif. : 1954)</subfield></datafield><datafield ind1="1" ind2="4" tag="245"><subfield code="a">The desert sun.</subfield></datafield><datafield ind1=" " ind2=" " tag="260"><subfield code="a">Palm Springs, Calif. :</subfield><subfield code="b">Desert Sun Pub. Co.</subfield></datafield><datafield ind1=" " ind2=" " tag="300"><subfield code="a">volumes :</subfield><subfield code="b">illustrations ;</subfield><subfield code="c">56 cm.</subfield></datafield><datafield ind1=" " ind2=" " tag="310"><subfield code="a">Daily,</subfield><subfield code="b">Oct. 4, 1955-</subfield></datafield><datafield ind1=" " ind2=" " tag="321"><subfield code="a">Semiweekly (weekly in June, July and Aug.),</subfield><subfield code="b">Dec. 6, 1954-Sept. 29, 1955</subfield></datafield><datafield ind1=" " ind2=" " tag="336"><subfield code="a">text</subfield><subfield code="b">txt</subfield><subfield code="2">rdacontent</subfield></datafield><datafield ind1=" " ind2=" " tag="337"><subfield code="a">unmediated</subfield><subfield code="b">n</subfield><subfield code="2">rdamedia</subfield></datafield><datafield ind1=" " ind2=" " tag="338"><subfield code="a">volume</subfield><subfield code="b">nc</subfield><subfield code="2">rdacarrier</subfield></datafield><datafield ind1="0" ind2=" " tag="362"><subfield code="a">Vol. 28, no. 31 (Dec. 6, 1954)-</subfield></datafield><datafield ind1=" " ind2=" " tag="500"><subfield code="a">On Sunday issues, "Sunday" appears in small print above "The Desert Sun," &lt;Jan. 1, 1995-&gt;</subfield></datafield><datafield ind1=" " ind2=" " tag="530"><subfield code="a">Also issued on the internet, called: DesertSun Online.</subfield></datafield><datafield ind1=" " ind2=" " tag="530"><subfield code="a">Master negatives are available for duplication from:</subfield><subfield code="b">California Newspaper Microfilm Archive;</subfield><subfield code="c">positive copies may be purchased by the reel; for further information consult the CNMA at:</subfield><subfield code="u">http://cbsr.ucr.edu</subfield></datafield><datafield ind1=" " ind2="0" tag="651"><subfield code="a">Coachella Valley (Calif.)</subfield><subfield code="v">Newspapers.</subfield></datafield><datafield ind1=" " ind2="0" tag="651"><subfield code="a">Palm Springs (Calif.)</subfield><subfield code="v">Newspapers.</subfield></datafield><datafield ind1=" " ind2="0" tag="651"><subfield code="a">Indio (Calif.)</subfield><subfield code="v">Newspapers.</subfield></datafield><datafield ind1=" " ind2="7" tag="651"><subfield code="a">California</subfield><subfield code="z">Coachella Valley.</subfield><subfield code="2">fast</subfield><subfield code="0">(OCoLC)fst01239812</subfield></datafield><datafield ind1=" " ind2="7" tag="651"><subfield code="a">California</subfield><subfield code="z">Indio.</subfield><subfield code="2">fast</subfield><subfield code="0">(OCoLC)fst01214335</subfield></datafield><datafield ind1=" " ind2="7" tag="651"><subfield code="a">California</subfield><subfield code="z">Palm Springs.</subfield><subfield code="2">fast</subfield><subfield code="0">(OCoLC)fst01208038</subfield></datafield><datafield ind1=" " ind2="7" tag="655"><subfield code="a">Newspapers.</subfield><subfield code="2">fast</subfield><subfield code="0">(OCoLC)fst01423814</subfield></datafield><datafield ind1="0" ind2=" " tag="740"><subfield code="a">DesertSun online.</subfield></datafield><datafield ind1=" " ind2=" " tag="752"><subfield code="a">United States</subfield><subfield code="b">California</subfield><subfield code="c">Riverside</subfield><subfield code="d">Palm Springs.</subfield></datafield><datafield ind1="0" ind2="0" tag="780"><subfield code="t">Desert sun and Palm Springs news</subfield><subfield code="w">(DLC)sn 98061281</subfield><subfield code="w">(OCoLC)39590659</subfield></datafield><datafield ind1="0" ind2="5" tag="780"><subfield code="t">Daily news (Indio, Calif.)</subfield><subfield code="w">(DLC)sn 92070117</subfield><subfield code="w">(OCoLC)26835232</subfield></datafield><datafield ind1="4" ind2="1" tag="856"><subfield code="u">http://bibpurl.oclc.org/web/74719</subfield><subfield code="u">http://cdnc.ucr.edu/cgi-bin/cdnc?a=cl&amp;cl=CL1&amp;sp=DS&amp;e=-------en--20--1--txt-txIN-------</subfield></datafield><datafield ind1="4" ind2="1" tag="856"><subfield code="z">Online version:</subfield><subfield code="u">http://www.desert-sun.com/</subfield></datafield><datafield ind1="1" ind2=" " tag="029"><subfield code="a">AU@</subfield><subfield code="b">000020718855</subfield></datafield></record>